<?xml version="1.0" encoding="UTF-8"?><collection xmlns="http://www.loc.gov/MARC21/slim"><record><leader>00679nam--2200193-i-4500</leader><controlfield tag="001">000015336</controlfield><controlfield tag="002">20161230</controlfield><controlfield tag="005">20161230201031</controlfield><controlfield tag="008">060222s1000------------r-----000-0-eng-d</controlfield><datafield ind1=" " ind2=" " tag="020"><subfield code="a">9027721149</subfield></datafield><datafield ind1=" " ind2=" " tag="040"><subfield code="a">IFIN-HH</subfield></datafield><datafield ind1=" " ind2=" " tag="080"><subfield code="a">524.8(061.3)</subfield></datafield><datafield ind1="1" ind2=" " tag="100"><subfield code="a">Papgiannis, Michael D</subfield></datafield><datafield ind1="1" ind2="0" tag="245"><subfield code="a">The search for extraterrestrial life: recent developments</subfield><subfield code="b">Proceedings of the 112th symposium of the international astronomical union held at boston, mass., usa, june 18-21, 1984</subfield><subfield code="c">Michael d. papgiannis (ed.)</subfield></datafield><datafield ind1=" " ind2=" " tag="260"><subfield code="a">Dordrecht</subfield><subfield code="b">D.Riedel Publishing Company</subfield><subfield code="c">1984</subfield></datafield><datafield ind1=" " ind2=" " tag="300"><subfield code="a">XXV+578P</subfield></datafield><datafield ind1=" " ind2=" " tag="490"><subfield code="a">Symposium No.112</subfield></datafield><datafield ind1=" " ind2=" " tag="852"><subfield code="a">73181</subfield><subfield code="c">521/522</subfield></datafield><datafield ind1=" " ind2=" " tag="CAT"><subfield code="a">Sys</subfield><subfield code="c">20130827</subfield><subfield code="h">120659</subfield></datafield></record></collection>